@book{birkhoff1953survey,
  author    = {G. Birkhoff and S. MacLane},
  title     = {A Survey of Modern Algebra},
  publisher = {MacMillan},
  year      = {1953},
  address   = {New York}
}

@book{geroch1985mathematical,
  author    = {R. Geroch},
  title     = {Mathematical Physics},
  publisher = {The University of Chicago Press},
  year      = {1985},
  address   = {Chicago}
}

@book{lang1965algebra,
  author    = {S. Lang},
  title     = {Algebra},
  publisher = {Addison-Wesley},
  year      = {1965},
  address   = {Reading, Mass.}
}

@book{hammermesh1962group,
  author    = {M. Hammermesh},
  title     = {Group Theory and its Applications to Physical Problems},
  publisher = {Addison-Wesley},
  year      = {1962}
}

@book{chevalley1946theory,
  author    = {C. Chevalley},
  title     = {Theory of Lie Groups},
  publisher = {Princeton University Press},
  year      = {1946},
  address   = {Princeton, N.J.}
}

@book{hildebrand1965methods,
  author    = {F. P. Hildebrand},
  title     = {Methods of Applied Mathematics},
  publisher = {Prentice-Hall},
  year      = {1965},
  address   = {Englewood Cliffs, N. J.}
}